
@online{efftut,
author = {Matija Pretnar},
title = {An Introduction to Algebraic Effects and Handlers},
year = {2015},
url = {http://www.eff-lang.org/handlers-tutorial.pdf}
}

@online{thesis,
author = {Stephen Dolan},
title = {Algebraic Subtyping},
year = {2016},
url = {https://www.cl.cam.ac.uk/~sd601/thesis.pdf}
}

@online{typeinfengine,
author = {Stephen Dolan},
title = {Prototype type inference engine},
year = {2016},
url = {https://github.com/stedolan/mlsub}
}

@online{dolanpresentation,
author = {Stephen Dolan and Alan Mycroft},
title = {Polymorphism, Subtyping, and
Type Inference in MLsub},
year = {2016},
url = {http://www.cl.cam.ac.uk/~sd601/lfcs_slides.pdf}
}

@inproceedings{mlsub,
 author = {Dolan, Stephen and Mycroft, Alan},
 title = {Polymorphism, Subtyping, and Type Inference in MLsub},
 booktitle = {Proceedings of the 44th ACM SIGPLAN Symposium on Principles of Programming Languages},
 series = {POPL 2017},
 year = {2017},
 isbn = {978-1-4503-4660-3},
 location = {Paris, France},
 pages = {60--72},
 numpages = {13},
 url = {http://doi.acm.org/10.1145/3009837.3009882},
 doi = {10.1145/3009837.3009882},
 acmid = {3009882},
 publisher = {ACM},
 address = {New York, NY, USA},
 keywords = {Algebra, Polymorphism, Subtyping, Type Inference},
} 

@article{DBLP:journals/corr/PlotkinP13,
  author    = {Gordon D. Plotkin and
               Matija Pretnar},
  title     = {Handling Algebraic Effects},
  journal   = {Logical Methods in Computer Science},
  volume    = {9},
  number    = {4},
  year      = {2013},
  url       = {http://dx.doi.org/10.2168/LMCS-9(4:23)2013},
  doi       = {10.2168/LMCS-9(4:23)2013},
  timestamp = {Mon, 06 Jan 2014 17:34:19 +0100},
  biburl    = {http://dblp.uni-trier.de/rec/bib/journals/corr/PlotkinP13},
  bibsource = {dblp computer science bibliography, http://dblp.org}
}

@proceedings{DBLP:conf/lics/2008,
  title     = {Proceedings of the Twenty-Third Annual {IEEE} Symposium on Logic in
               Computer Science, {LICS} 2008, 24-27 June 2008, Pittsburgh, PA, {USA}},
  publisher = {{IEEE} Computer Society},
  year      = {2008},
  url       = {http://ieeexplore.ieee.org/xpl/mostRecentIssue.jsp?punumber=4557886},
  isbn      = {978-0-7695-3183-0},
  timestamp = {Fri, 21 Nov 2014 14:08:57 +0100},
  biburl    = {http://dblp.uni-trier.de/rec/bib/conf/lics/2008},
  bibsource = {dblp computer science bibliography, http://dblp.org}
}

@inproceedings{DBLP:conf/lics/PlotkinP08,
  author    = {Gordon D. Plotkin and
               Matija Pretnar},
  title     = {A Logic for Algebraic Effects},
  booktitle = {Proceedings of the Twenty-Third Annual {IEEE} Symposium on Logic in
               Computer Science, {LICS} 2008, 24-27 June 2008, Pittsburgh, PA, {USA}},
  pages     = {118--129},
  year      = {2008},
  crossref  = {DBLP:conf/lics/2008},
  url       = {http://dx.doi.org/10.1109/LICS.2008.45},
  doi       = {10.1109/LICS.2008.45},
  timestamp = {Sat, 22 Nov 2014 13:44:45 +0100},
  biburl    = {http://dblp.uni-trier.de/rec/bib/conf/lics/PlotkinP08},
  bibsource = {dblp computer science bibliography, http://dblp.org}
}