@article{DBLP:journals/acs/PlotkinP03,
  author    = {Gordon D. Plotkin and
               John Power},
  title     = {Algebraic Operations and Generic Effects},
  journal   = {Applied Categorical Structures},
  volume    = {11},
  number    = {1},
  pages     = {69--94},
  year      = {2003}
}

@inproceedings{DBLP:conf/lics/PlotkinP08,
  author    = {Gordon D. Plotkin and
               Matija Pretnar},
  title     = {A Logic for Algebraic Effects},
  booktitle = {Proceedings of the Twenty-Third Annual {IEEE} Symposium on Logic in
               Computer Science, {LICS} 2008, 24-27 June 2008, Pittsburgh, PA, {USA}},
  pages     = {118--129},
  year      = {2008},
  publisher = {{IEEE} Computer Society},
  year      = {2008},
}

@inproceedings{DBLP:conf/popl/KammarP12,
  author    = {Ohad Kammar and
               Gordon D. Plotkin},
  title     = {Algebraic foundations for effect-dependent optimisations},
  booktitle = {Proceedings of the 39th Annual ACM SIGPLAN-SIGACT Symposium on Principles of Programming Languages},
  pages     = {349--360},
  publisher = {{ACM}},
  year      = {2012}
}

@inproceedings{eff2ocaml,
  author = {Oleg Kiselyov and KC Sivaramakrishnan}, 
  title = {Eff Directly in OCaml},
  year  = {2016},
  booktitle ={OCaml Workshop},
}

@inproceedings{DBLP:conf/icfp/Brady13,
  author    = {Edwin Brady},
  title     = {Programming and reasoning with algebraic effects and dependent types},
  booktitle = {Proceedings of the 18th ACM SIGPLAN International Conference on Functional Programming},
  pages     = {133--144},
  publisher = {{ACM}},
  year      = {2013}
}

@inproceedings{kammar,
 author = {Kammar, Ohad and Lindley, Sam and Oury, Nicolas},
 title = {Handlers in action},
 booktitle = {Proceedings of the 18th ACM SIGPLAN International Conference on Functional programming},
 year = {2013},
 pages = {145--158},
 numpages = {14},
 publisher = {ACM},
 keywords = {algebraic effects, continuations, effect handlers, effect typing, haskell, modularity, monads},
 series = {ICFP '14}
} 

@techreport{optimization,
  author = {Matija Pretnar and Amr Hany Saleh and Axel Faes and Tom Schrijvers},
  title  = {Efficient compilation of algebraic effects and handlers},
  year   = 2017,
  number = {CW 708},
  institution = {KU Leuven Department of Computer Science},
}

@inproceedings{links2ocaml,
  author = {Daniel Hillerstr{\"{o}}m and Sam Lindley and KC Sivaramakrishnan}, 
  title = {Compiling Links Effect Handlers to the OCaml Backend},
  year  = {2016},
  booktitle ={OCaml Workshop},
}


@book{pierce2002types,
  title={Types and programming languages},
  author={Pierce, Benjamin C},
  year={2002}
}

@book{hindley1986introduction,
  title={Introduction to Combinators and (lambda) Calculus},
  author={Hindley, J Roger and Seldin, Jonathan P},
  volume={1},
  year={1986},
  publisher={CUP Archive}
}

@article{pretnar2015introduction,
  title={An introduction to algebraic effects and handlers. invited tutorial paper},
  author={Pretnar, Matija},
  journal={Electronic Notes in Theoretical Computer Science},
  volume={319},
  pages={19--35},
  year={2015},
  publisher={Elsevier}
}

@article{effectsystem,
  author    = {Andrej Bauer and
               Matija Pretnar},
  title     = {An Effect System for Algebraic Effects and Handlers},
  journal   = {Logical Methods in Computer Science},
  volume    = {10},
  number    = {4},
  year      = {2014},
  url       = {http://dx.doi.org/10.2168/LMCS-10(4:9)2014},
  doi       = {10.2168/LMCS-10(4:9)2014},
  timestamp = {Mon, 05 Jan 2015 16:52:14 +0100},
  biburl    = {http://dblp.uni-trier.de/rec/bib/journals/corr/BauerP13},
  bibsource = {dblp computer science bibliography, http://dblp.org}
}

@article{inferring,
  author    = {Matija Pretnar},
  title     = {Inferring Algebraic Effects},
  journal   = {Logical Methods in Computer Science},
  volume    = {10},
  number    = {3},
  year      = {2014},
  url       = {http://dx.doi.org/10.2168/LMCS-10(3:21)2014},
  doi       = {10.2168/LMCS-10(3:21)2014},
  timestamp = {Tue, 07 Oct 2014 17:26:24 +0200},
  biburl    = {http://dblp.uni-trier.de/rec/bib/journals/corr/Pretnar13},
  bibsource = {dblp computer science bibliography, http://dblp.org}
}

@article{handling,
  author    = {Gordon D. Plotkin and
               Matija Pretnar},
  title     = {Handling Algebraic Effects},
  journal   = {Logical Methods in Computer Science},
  volume    = {9},
  number    = {4},
  year      = {2013},
  url       = {http://dx.doi.org/10.2168/LMCS-9(4:23)2013},
  doi       = {10.2168/LMCS-9(4:23)2013},
  timestamp = {Mon, 06 Jan 2014 17:34:19 +0100},
  biburl    = {http://dblp.uni-trier.de/rec/bib/journals/corr/PlotkinP13},
  bibsource = {dblp computer science bibliography, http://dblp.org}
}

@inproceedings{row,
 author = {Hillerstr\"{o}m, Daniel and Lindley, Sam},
 title = {Liberating Effects with Rows and Handlers},
 booktitle = {Proceedings of the 1st International Workshop on Type-Driven Development},
 series = {TyDe 2016},
 year = {2016},
 isbn = {978-1-4503-4435-7},
 location = {Nara, Japan},
 pages = {15--27},
 numpages = {13},
 url = {http://doi.acm.org/10.1145/2976022.2976033},
 doi = {10.1145/2976022.2976033},
 acmid = {2976033},
 publisher = {ACM},
 address = {New York, NY, USA},
 keywords = {abstract machine semantics, algebraic effects, delimited control, effect handlers, effect typing, operational semantics},
} 


@article{programming,
  author    = {Andrej Bauer and
               Matija Pretnar},
  title     = {Programming with algebraic effects and handlers},
  journal   = {J. Log. Algebr. Meth. Program.},
  volume    = {84},
  number    = {1},
  pages     = {108--123},
  year      = {2015},
  url       = {http://dx.doi.org/10.1016/j.jlamp.2014.02.001},
  doi       = {10.1016/j.jlamp.2014.02.001},
  timestamp = {Wed, 07 Jan 2015 15:54:11 +0100},
  biburl    = {http://dblp.uni-trier.de/rec/bib/journals/jlp/BauerP15},
  bibsource = {dblp computer science bibliography, http://dblp.org}
}

@inproceedings{ocaml,
  author = {Stephen Dolan and Leo White and KC Sivaramakrishnan and Jeremy Yallop and Anil Madhavapeddy}, 
  title = {Effective Concurrency through Algebraic Effects},
  year  = {2015},
  booktitle ={OCaml Workshop},
}

@incollection{typeinference,
 author = {R{\'e}my, Didier},
 chapter = {Type Inference for Records in Natural Extension of ML},
 title = {Theoretical Aspects of Object-oriented Programming},
 editor = {Gunter, Carl A. and Mitchell, John C.},
 year = {1994},
 isbn = {0-262-07155-X},
 pages = {67--95},
 numpages = {29},
 url = {http://dl.acm.org/citation.cfm?id=186677.186689},
 acmid = {186689},
 publisher = {MIT Press},
 address = {Cambridge, MA, USA},
} 

@article{leijen2014koka,
  title={Koka: Programming with row polymorphic effect types},
  author={Leijen, Daan},
  journal={arXiv preprint arXiv:1406.2061},
  year={2014}
}

@book{dolan2017algebraic,
  title={Algebraic Subtyping},
  author={Dolan, Stephen}
}

@inproceedings{mlsub,
 author = {Dolan, Stephen and Mycroft, Alan},
 title = {Polymorphism, Subtyping, and Type Inference in MLsub},
 booktitle = {Proceedings of the 44th ACM SIGPLAN Symposium on Principles of Programming Languages},
 series = {POPL 2017},
 year = {2017},
 isbn = {978-1-4503-4660-3},
 location = {Paris, France},
 pages = {60--72},
 numpages = {13},
 url = {http://doi.acm.org/10.1145/3009837.3009882},
 doi = {10.1145/3009837.3009882},
 acmid = {3009882},
 publisher = {ACM},
 address = {New York, NY, USA},
 keywords = {Algebra, Polymorphism, Subtyping, Type Inference},
} 

@inproceedings{impliciteff,
 author = {Lindley, Sam and McBride, Conor and McLaughlin, Craig},
 title = {Do Be Do Be Do},
 booktitle = {Proceedings of the 44th ACM SIGPLAN Symposium on Principles of Programming Languages},
 series = {POPL 2017},
 year = {2017},
 isbn = {978-1-4503-4660-3},
 location = {Paris, France},
 pages = {500--514},
 numpages = {15},
 url = {http://doi.acm.org/10.1145/3009837.3009897},
 doi = {10.1145/3009837.3009897},
 acmid = {3009897},
 publisher = {ACM},
 address = {New York, NY, USA},
 keywords = {algebraic effects, bidirectional typing, call-by-push-value, continuations, effect handlers, effect polymorphism, pattern matching},
} 

@inproceedings{type-directed,
 author = {Leijen, Daan},
 title = {Type Directed Compilation of Row-typed Algebraic Effects},
 booktitle = {Proceedings of the 44th ACM SIGPLAN Symposium on Principles of Programming Languages},
 series = {POPL 2017},
 year = {2017},
 isbn = {978-1-4503-4660-3},
 location = {Paris, France},
 pages = {486--499},
 numpages = {14},
 url = {http://doi.acm.org/10.1145/3009837.3009872},
 doi = {10.1145/3009837.3009872},
 acmid = {3009872},
 publisher = {ACM},
 address = {New York, NY, USA},
 keywords = {Algebraic Effect Handlers, CPS transformation, Type Inference},
} 

@inproceedings{row-optimised,
  author = {Axel Faes and Tom Schrijvers},
  title  = {A core language with row-based effects for optimised compilation},
  year   = 2017,
  booktitle = {Student Research Competition},
  publisher = {ICFP},
}

@inproceedings{saleh2018explicit,
  title={Explicit Effect Subtyping},
  author={Saleh, Amr Hany and Karachalias, Georgios and Pretnar, Matija and Schrijvers, Tom},
  booktitle={European Symposium on Programming},
  pages={327--354},
  year={2018},
  organization={Springer}
}

@misc{eff-source,
author =   {Matija Pretnar},
title =    {{Eff}},
howpublished = {\url{https://github.com/matijapretnar/eff}},
year = {2018}
}

@article{mitchell1996foundations,
  title={Foundations for Programming Languages},
  author={Mitchell, John C},
  year={1996},
  publisher={MIT Press}
}

@phdthesis{pottier1998type,
  title={Type inference in the presence of subtyping: from theory to practice},
  author={Pottier, Fran{\c{c}}ois},
  year={1998},
  school={INRIA}
}